@book{pandoc,
author = {A.~ {Krewinkel and A.~ Lucero}},
title = {{pandoc 3.0 Release notes}},
publisher = {pandoc    #pandoc-3.0--01-18},
year = {2023},
url = {https://pandoc.org/releases.html}
}
@book{mathjax,
author = {{MathJax authors}},
title = {{Mathjax website}},
publisher = {#features},
year = {2021},
url = {https://www.mathjax.org/}
}
@book{bookdown,
author = {{Yihui Xie}},
title = {{bookdown: Authoring Books and Technical Documents with R Markdown}},
publisher = {#equations},
year = {2023},
url = {https://bookdown.org/yihui/bookdown/markdown-extensions-by-bookdown.html}
}

