@BOOK{Yinxiang:2024,
  AUTHOR = {Yinxiang Huang},
  TITLE = {A title for bib in texor},
  PUBLISHER = {UNKNOWN},
  YEAR = 2024,
  URL = {https://github.com/Abhi-1U/texor/},
  ABSTRACT = {just a test.}
}
