@book{agre:02,
author = {{Agresti A (2002)}},
title = {{Categorical Data Analysis}},
publisher = {2nd edition John Wiley & Sons}
}
@book{bate:11,
author = {{Bates D, M\"achler M, Bolker B (2011)}},
title = {{pkglme4: Linear Mixed-Effects Models Using proglangS4 Classes}},
publisher = {proglangR~package version~0.999375-42,prefix},
url = {http://CRAN.R-project.org/package=lme4}
}
@book{bock:01,
author = {{B\"ockenholt U (2001)}},
title = {{enquoteHierarchical Modeling of Paired Comparison Data}},
publisher = {Psychological Methods textbf6(1)},
}
@book{brad:84,
author = {{Bradley RA (1984)}},
title = {{enquotePaired Comparisons: Some Basic Procedures and Examples}},
publisher = {In PR~Krishnaiah PK~Sen (eds.) Nonparametric Methods,volume~4 of Handbook of Statistics pp 299 -- 326 Elsevier}
}
@book{brad:terr:52,
author = {{Bradley RA, Terry ME (1952)}},
title = {{enquoteRank Analysis of Incomplete Block Designs I: The Method of Paired Comparisons}},
publisher = {Biometrika textbf39},
}
@book{bres:93,
author = {{Breslow NE, Clayton DG (1993)}},
title = {{enquoteApproximate Inference in Generalized Linear Mixed Models}},
publisher = {Journal of the American Statistical Association,textbf88(421)},
}
@book{davi:70,
author = {{Davidson RR (1970)}},
title = {{enquoteOn Extending the Bradley-Terry Model to Accommodate Ties in Paired Comparison Experiments}},
publisher = {Journal of the American Statistical Association textbf65},
}
@book{ditt:01,
author = {{Dittrich R, Hatzinger R, Katzenbeisser W (2001)}},
title = {{enquoteCorrigendum: Modelling the Effect of Subject-Specific Covariates in Paired Comparison Studies with an Application to University Rankings}},
publisher = {Applied Statistics textbf50},
}
@book{firt:93,
author = {{Firth D (1993)}},
title = {{enquoteBias Reduction of Maximum Likelihood Estimates}},
publisher = {Biometrika textbf80},
}
@book{firt:05,
author = {{Firth D (2005)}},
title = {{enquoteBradley-Terry Models in proglangR}},
publisher = {Journal of Statistical Software textbf12(1)  prefix},
pages = {1--12},
url = {http://www.jstatsoft.org/v12/i01/}
}
@book{firt:10,
author = {{Firth D (2010)}},
title = {{pkgqvcalc: Quasi-Variances for Factor Effects in Statistical Models}},
publisher = {proglangR~package version~0.8-7,prefix},
url = {http://CRAN.R-project.org/package=qvcalc}
}
@book{firt:04,
author = {{Firth D, {de Menezes} RX (2004)}},
title = {{enquoteQuasi-Variances}},
publisher = {Biometrika textbf91},
}
@book{hatz:12,
author = {{Hatzinger R, Dittrich R (2012)}},
title = {{enquotepkgprefmod: An proglangR Package for Modeling Preferences Based on Paired Comparisons, Rankings, or Ratings}},
publisher = {Journal of Statistical Software textbf48(10)  prefix},
pages = {1--31},
url = {http://www.jstatsoft.org/v48/i10/}
}
@book{hein:sche:02,
author = {{Heinze G, Schemper M (2002)}},
title = {{enquoteA Solution to the Problem of Separation in Logistic Regression}},
publisher = {Statistics in Medicine textbf21},
}
@book{ihak:gent:96,
author = {{Ihaka R, Gentleman R (1996)}},
title = {{enquoteproglangR: A Language for Data Analysis and Graphics}},
publisher = {Journal of Computational and Graphical Statistics,textbf5(3)},
}
@book{kosm:07,
author = {{Kosmidis I (2007)}},
title = {{pkgbrglm: Bias Reduction in Binary-Response GLMs}},
publisher = {proglangR~package version~0.5-6,prefix~ucakiko/software.html},
url = {http://www.ucl.ac.uk/}
}
@book{rao:kupp:67,
author = {{Rao PV, Kupper LL (1967)}},
title = {{enquoteTies in Paired-Comparison Experiments: A Generalization of the Bradley-Terry Model}},
publisher = {Journal of the American Statistical Association textbf62},
}
@book{R,
author = {{\proglang{R} {Development Core Team} (2012)}},
title = {{proglangR: A Language and Environment for Statistical Computing}},
publisher = {proglangR Foundation for Statistical Computing Vienna Austria   prefix},
url = {http://www.R-project.org/},
isbn = {3-900051-07-0}
}
@book{sham:curt:95,
author = {{Sham PC, Curtis D (1995)}},
title = {{enquoteAn Extended Transmission/Disequilibrium Test (TDT) for Multi-Allele Marker Loci}},
publisher = {Annals of Human Genetics textbf59(3)},
}
@book{stig:94,
author = {{Stigler S (1994)}},
title = {{enquoteCitation Patterns in the Journals of Statistics and Probability}},
publisher = {Statistical Science textbf9},
}
@book{turn:12,
author = {{Turner H, Firth D (2012)}},
title = {{enquoteBradley-Terry Models in proglangR: The pkgBradleyTerry2 Package}},
publisher = {Journal of Statistical Software textbf48(9)  prefix},
pages = {1--21},
url = {http://www.jstatsoft.org/v48/i09/}
}
@book{whit:06,
author = {{Whiting MJ, Stuart-Fox DM, O'Connor D, Firth D, Bennett NC, Blomberg SP ({2006})}},
title = {{enquoteUltraviolet Signals Ultra-Aggression in a Lizard}},
publisher = {Animal Behaviour textbf72},
}

@book{agre:02,
author = {{Agresti A (2002)}},
title = {{Categorical Data Analysis}},
publisher = {2nd edition John Wiley & Sons}
}
@book{bate:11,
author = {{Bates D, M\"achler M, Bolker B (2011)}},
title = {{pkglme4: Linear Mixed-Effects Models Using proglangS4 Classes}},
publisher = {proglangR~package version~0.999375-42,prefix},
url = {http://CRAN.R-project.org/package=lme4}
}
@book{bock:01,
author = {{B\"ockenholt U (2001)}},
title = {{enquoteHierarchical Modeling of Paired Comparison Data}},
publisher = {Psychological Methods textbf6(1)},
}
@book{brad:84,
author = {{Bradley RA (1984)}},
title = {{enquotePaired Comparisons: Some Basic Procedures and Examples}},
publisher = {In PR~Krishnaiah PK~Sen (eds.) Nonparametric Methods,volume~4 of Handbook of Statistics pp 299 -- 326 Elsevier}
}
@book{brad:terr:52,
author = {{Bradley RA, Terry ME (1952)}},
title = {{enquoteRank Analysis of Incomplete Block Designs I: The Method of Paired Comparisons}},
publisher = {Biometrika textbf39},
}
@book{bres:93,
author = {{Breslow NE, Clayton DG (1993)}},
title = {{enquoteApproximate Inference in Generalized Linear Mixed Models}},
publisher = {Journal of the American Statistical Association,textbf88(421)},
}
@book{davi:70,
author = {{Davidson RR (1970)}},
title = {{enquoteOn Extending the Bradley-Terry Model to Accommodate Ties in Paired Comparison Experiments}},
publisher = {Journal of the American Statistical Association textbf65},
}
@book{ditt:01,
author = {{Dittrich R, Hatzinger R, Katzenbeisser W (2001)}},
title = {{enquoteCorrigendum: Modelling the Effect of Subject-Specific Covariates in Paired Comparison Studies with an Application to University Rankings}},
publisher = {Applied Statistics textbf50},
}
@book{firt:93,
author = {{Firth D (1993)}},
title = {{enquoteBias Reduction of Maximum Likelihood Estimates}},
publisher = {Biometrika textbf80},
}
@book{firt:05,
author = {{Firth D (2005)}},
title = {{enquoteBradley-Terry Models in proglangR}},
publisher = {Journal of Statistical Software textbf12(1)  prefix},
pages = {1--12},
url = {http://www.jstatsoft.org/v12/i01/}
}
@book{firt:10,
author = {{Firth D (2010)}},
title = {{pkgqvcalc: Quasi-Variances for Factor Effects in Statistical Models}},
publisher = {proglangR~package version~0.8-7,prefix},
url = {http://CRAN.R-project.org/package=qvcalc}
}
@book{firt:04,
author = {{Firth D, {de Menezes} RX (2004)}},
title = {{enquoteQuasi-Variances}},
publisher = {Biometrika textbf91},
}
@book{hatz:12,
author = {{Hatzinger R, Dittrich R (2012)}},
title = {{enquotepkgprefmod: An proglangR Package for Modeling Preferences Based on Paired Comparisons, Rankings, or Ratings}},
publisher = {Journal of Statistical Software textbf48(10)  prefix},
pages = {1--31},
url = {http://www.jstatsoft.org/v48/i10/}
}
@book{hein:sche:02,
author = {{Heinze G, Schemper M (2002)}},
title = {{enquoteA Solution to the Problem of Separation in Logistic Regression}},
publisher = {Statistics in Medicine textbf21},
}
@book{ihak:gent:96,
author = {{Ihaka R, Gentleman R (1996)}},
title = {{enquoteproglangR: A Language for Data Analysis and Graphics}},
publisher = {Journal of Computational and Graphical Statistics,textbf5(3)},
}
@book{kosm:07,
author = {{Kosmidis I (2007)}},
title = {{pkgbrglm: Bias Reduction in Binary-Response GLMs}},
publisher = {proglangR~package version~0.5-6,prefix~ucakiko/software.html},
url = {http://www.ucl.ac.uk/}
}
@book{rao:kupp:67,
author = {{Rao PV, Kupper LL (1967)}},
title = {{enquoteTies in Paired-Comparison Experiments: A Generalization of the Bradley-Terry Model}},
publisher = {Journal of the American Statistical Association textbf62},
}
@book{R,
author = {{\proglang{R} {Development Core Team} (2012)}},
title = {{proglangR: A Language and Environment for Statistical Computing}},
publisher = {proglangR Foundation for Statistical Computing Vienna Austria   prefix},
url = {http://www.R-project.org/},
isbn = {3-900051-07-0}
}
@book{sham:curt:95,
author = {{Sham PC, Curtis D (1995)}},
title = {{enquoteAn Extended Transmission/Disequilibrium Test (TDT) for Multi-Allele Marker Loci}},
publisher = {Annals of Human Genetics textbf59(3)},
}
@book{stig:94,
author = {{Stigler S (1994)}},
title = {{enquoteCitation Patterns in the Journals of Statistics and Probability}},
publisher = {Statistical Science textbf9},
}
@book{turn:12,
author = {{Turner H, Firth D (2012)}},
title = {{enquoteBradley-Terry Models in proglangR: The pkgBradleyTerry2 Package}},
publisher = {Journal of Statistical Software textbf48(9)  prefix},
pages = {1--21},
url = {http://www.jstatsoft.org/v48/i09/}
}
@book{whit:06,
author = {{Whiting MJ, Stuart-Fox DM, O'Connor D, Firth D, Bennett NC, Blomberg SP ({2006})}},
title = {{enquoteUltraviolet Signals Ultra-Aggression in a Lizard}},
publisher = {Animal Behaviour textbf72},
}

@book{agre:02,
author = {{Agresti A (2002)}},
title = {{Categorical Data Analysis}},
publisher = {2nd edition John Wiley & Sons}
}
@book{bate:11,
author = {{Bates D, M\"achler M, Bolker B (2011)}},
title = {{pkglme4: Linear Mixed-Effects Models Using proglangS4 Classes}},
publisher = {proglangR~package version~0.999375-42,prefix},
url = {http://CRAN.R-project.org/package=lme4}
}
@book{bock:01,
author = {{B\"ockenholt U (2001)}},
title = {{enquoteHierarchical Modeling of Paired Comparison Data}},
publisher = {Psychological Methods textbf6(1)},
}
@book{brad:84,
author = {{Bradley RA (1984)}},
title = {{enquotePaired Comparisons: Some Basic Procedures and Examples}},
publisher = {In PR~Krishnaiah PK~Sen (eds.) Nonparametric Methods,volume~4 of Handbook of Statistics pp 299 -- 326 Elsevier}
}
@book{brad:terr:52,
author = {{Bradley RA, Terry ME (1952)}},
title = {{enquoteRank Analysis of Incomplete Block Designs I: The Method of Paired Comparisons}},
publisher = {Biometrika textbf39},
}
@book{bres:93,
author = {{Breslow NE, Clayton DG (1993)}},
title = {{enquoteApproximate Inference in Generalized Linear Mixed Models}},
publisher = {Journal of the American Statistical Association,textbf88(421)},
}
@book{davi:70,
author = {{Davidson RR (1970)}},
title = {{enquoteOn Extending the Bradley-Terry Model to Accommodate Ties in Paired Comparison Experiments}},
publisher = {Journal of the American Statistical Association textbf65},
}
@book{ditt:01,
author = {{Dittrich R, Hatzinger R, Katzenbeisser W (2001)}},
title = {{enquoteCorrigendum: Modelling the Effect of Subject-Specific Covariates in Paired Comparison Studies with an Application to University Rankings}},
publisher = {Applied Statistics textbf50},
}
@book{firt:93,
author = {{Firth D (1993)}},
title = {{enquoteBias Reduction of Maximum Likelihood Estimates}},
publisher = {Biometrika textbf80},
}
@book{firt:05,
author = {{Firth D (2005)}},
title = {{enquoteBradley-Terry Models in proglangR}},
publisher = {Journal of Statistical Software textbf12(1)  prefix},
pages = {1--12},
url = {http://www.jstatsoft.org/v12/i01/}
}
@book{firt:10,
author = {{Firth D (2010)}},
title = {{pkgqvcalc: Quasi-Variances for Factor Effects in Statistical Models}},
publisher = {proglangR~package version~0.8-7,prefix},
url = {http://CRAN.R-project.org/package=qvcalc}
}
@book{firt:04,
author = {{Firth D, {de Menezes} RX (2004)}},
title = {{enquoteQuasi-Variances}},
publisher = {Biometrika textbf91},
}
@book{hatz:12,
author = {{Hatzinger R, Dittrich R (2012)}},
title = {{enquotepkgprefmod: An proglangR Package for Modeling Preferences Based on Paired Comparisons, Rankings, or Ratings}},
publisher = {Journal of Statistical Software textbf48(10)  prefix},
pages = {1--31},
url = {http://www.jstatsoft.org/v48/i10/}
}
@book{hein:sche:02,
author = {{Heinze G, Schemper M (2002)}},
title = {{enquoteA Solution to the Problem of Separation in Logistic Regression}},
publisher = {Statistics in Medicine textbf21},
}
@book{ihak:gent:96,
author = {{Ihaka R, Gentleman R (1996)}},
title = {{enquoteproglangR: A Language for Data Analysis and Graphics}},
publisher = {Journal of Computational and Graphical Statistics,textbf5(3)},
}
@book{kosm:07,
author = {{Kosmidis I (2007)}},
title = {{pkgbrglm: Bias Reduction in Binary-Response GLMs}},
publisher = {proglangR~package version~0.5-6,prefix~ucakiko/software.html},
url = {http://www.ucl.ac.uk/}
}
@book{rao:kupp:67,
author = {{Rao PV, Kupper LL (1967)}},
title = {{enquoteTies in Paired-Comparison Experiments: A Generalization of the Bradley-Terry Model}},
publisher = {Journal of the American Statistical Association textbf62},
}
@book{R,
author = {{\proglang{R} {Development Core Team} (2012)}},
title = {{proglangR: A Language and Environment for Statistical Computing}},
publisher = {proglangR Foundation for Statistical Computing Vienna Austria   prefix},
url = {http://www.R-project.org/},
isbn = {3-900051-07-0}
}
@book{sham:curt:95,
author = {{Sham PC, Curtis D (1995)}},
title = {{enquoteAn Extended Transmission/Disequilibrium Test (TDT) for Multi-Allele Marker Loci}},
publisher = {Annals of Human Genetics textbf59(3)},
}
@book{stig:94,
author = {{Stigler S (1994)}},
title = {{enquoteCitation Patterns in the Journals of Statistics and Probability}},
publisher = {Statistical Science textbf9},
}
@book{turn:12,
author = {{Turner H, Firth D (2012)}},
title = {{enquoteBradley-Terry Models in proglangR: The pkgBradleyTerry2 Package}},
publisher = {Journal of Statistical Software textbf48(9)  prefix},
pages = {1--21},
url = {http://www.jstatsoft.org/v48/i09/}
}
@book{whit:06,
author = {{Whiting MJ, Stuart-Fox DM, O'Connor D, Firth D, Bennett NC, Blomberg SP ({2006})}},
title = {{enquoteUltraviolet Signals Ultra-Aggression in a Lizard}},
publisher = {Animal Behaviour textbf72},
}

@book{agre:02,
author = {{Agresti A (2002)}},
title = {{Categorical Data Analysis}},
publisher = {2nd edition John Wiley & Sons}
}
@book{bate:11,
author = {{Bates D, M\"achler M, Bolker B (2011)}},
title = {{pkglme4: Linear Mixed-Effects Models Using proglangS4 Classes}},
publisher = {proglangR~package version~0.999375-42,prefix},
url = {http://CRAN.R-project.org/package=lme4}
}
@book{bock:01,
author = {{B\"ockenholt U (2001)}},
title = {{enquoteHierarchical Modeling of Paired Comparison Data}},
publisher = {Psychological Methods textbf6(1)},
}
@book{brad:84,
author = {{Bradley RA (1984)}},
title = {{enquotePaired Comparisons: Some Basic Procedures and Examples}},
publisher = {In PR~Krishnaiah PK~Sen (eds.) Nonparametric Methods,volume~4 of Handbook of Statistics pp 299 -- 326 Elsevier}
}
@book{brad:terr:52,
author = {{Bradley RA, Terry ME (1952)}},
title = {{enquoteRank Analysis of Incomplete Block Designs I: The Method of Paired Comparisons}},
publisher = {Biometrika textbf39},
}
@book{bres:93,
author = {{Breslow NE, Clayton DG (1993)}},
title = {{enquoteApproximate Inference in Generalized Linear Mixed Models}},
publisher = {Journal of the American Statistical Association,textbf88(421)},
}
@book{davi:70,
author = {{Davidson RR (1970)}},
title = {{enquoteOn Extending the Bradley-Terry Model to Accommodate Ties in Paired Comparison Experiments}},
publisher = {Journal of the American Statistical Association textbf65},
}
@book{ditt:01,
author = {{Dittrich R, Hatzinger R, Katzenbeisser W (2001)}},
title = {{enquoteCorrigendum: Modelling the Effect of Subject-Specific Covariates in Paired Comparison Studies with an Application to University Rankings}},
publisher = {Applied Statistics textbf50},
}
@book{firt:93,
author = {{Firth D (1993)}},
title = {{enquoteBias Reduction of Maximum Likelihood Estimates}},
publisher = {Biometrika textbf80},
}
@book{firt:05,
author = {{Firth D (2005)}},
title = {{enquoteBradley-Terry Models in proglangR}},
publisher = {Journal of Statistical Software textbf12(1)  prefix},
pages = {1--12},
url = {http://www.jstatsoft.org/v12/i01/}
}
@book{firt:10,
author = {{Firth D (2010)}},
title = {{pkgqvcalc: Quasi-Variances for Factor Effects in Statistical Models}},
publisher = {proglangR~package version~0.8-7,prefix},
url = {http://CRAN.R-project.org/package=qvcalc}
}
@book{firt:04,
author = {{Firth D, {de Menezes} RX (2004)}},
title = {{enquoteQuasi-Variances}},
publisher = {Biometrika textbf91},
}
@book{hatz:12,
author = {{Hatzinger R, Dittrich R (2012)}},
title = {{enquotepkgprefmod: An proglangR Package for Modeling Preferences Based on Paired Comparisons, Rankings, or Ratings}},
publisher = {Journal of Statistical Software textbf48(10)  prefix},
pages = {1--31},
url = {http://www.jstatsoft.org/v48/i10/}
}
@book{hein:sche:02,
author = {{Heinze G, Schemper M (2002)}},
title = {{enquoteA Solution to the Problem of Separation in Logistic Regression}},
publisher = {Statistics in Medicine textbf21},
}
@book{ihak:gent:96,
author = {{Ihaka R, Gentleman R (1996)}},
title = {{enquoteproglangR: A Language for Data Analysis and Graphics}},
publisher = {Journal of Computational and Graphical Statistics,textbf5(3)},
}
@book{kosm:07,
author = {{Kosmidis I (2007)}},
title = {{pkgbrglm: Bias Reduction in Binary-Response GLMs}},
publisher = {proglangR~package version~0.5-6,prefix~ucakiko/software.html},
url = {http://www.ucl.ac.uk/}
}
@book{rao:kupp:67,
author = {{Rao PV, Kupper LL (1967)}},
title = {{enquoteTies in Paired-Comparison Experiments: A Generalization of the Bradley-Terry Model}},
publisher = {Journal of the American Statistical Association textbf62},
}
@book{R,
author = {{\proglang{R} {Development Core Team} (2012)}},
title = {{proglangR: A Language and Environment for Statistical Computing}},
publisher = {proglangR Foundation for Statistical Computing Vienna Austria   prefix},
url = {http://www.R-project.org/},
isbn = {3-900051-07-0}
}
@book{sham:curt:95,
author = {{Sham PC, Curtis D (1995)}},
title = {{enquoteAn Extended Transmission/Disequilibrium Test (TDT) for Multi-Allele Marker Loci}},
publisher = {Annals of Human Genetics textbf59(3)},
}
@book{stig:94,
author = {{Stigler S (1994)}},
title = {{enquoteCitation Patterns in the Journals of Statistics and Probability}},
publisher = {Statistical Science textbf9},
}
@book{turn:12,
author = {{Turner H, Firth D (2012)}},
title = {{enquoteBradley-Terry Models in proglangR: The pkgBradleyTerry2 Package}},
publisher = {Journal of Statistical Software textbf48(9)  prefix},
pages = {1--21},
url = {http://www.jstatsoft.org/v48/i09/}
}
@book{whit:06,
author = {{Whiting MJ, Stuart-Fox DM, O'Connor D, Firth D, Bennett NC, Blomberg SP ({2006})}},
title = {{enquoteUltraviolet Signals Ultra-Aggression in a Lizard}},
publisher = {Animal Behaviour textbf72},
}

@book{agre:02,
author = {{Agresti A (2002)}},
title = {{Categorical Data Analysis}},
publisher = {2nd edition John Wiley & Sons}
}
@book{bate:11,
author = {{Bates D, M\"achler M, Bolker B (2011)}},
title = {{pkglme4: Linear Mixed-Effects Models Using proglangS4 Classes}},
publisher = {proglangR~package version~0.999375-42,prefix},
url = {http://CRAN.R-project.org/package=lme4}
}
@book{bock:01,
author = {{B\"ockenholt U (2001)}},
title = {{enquoteHierarchical Modeling of Paired Comparison Data}},
publisher = {Psychological Methods textbf6(1)},
}
@book{brad:84,
author = {{Bradley RA (1984)}},
title = {{enquotePaired Comparisons: Some Basic Procedures and Examples}},
publisher = {In PR~Krishnaiah PK~Sen (eds.) Nonparametric Methods,volume~4 of Handbook of Statistics pp 299 -- 326 Elsevier}
}
@book{brad:terr:52,
author = {{Bradley RA, Terry ME (1952)}},
title = {{enquoteRank Analysis of Incomplete Block Designs I: The Method of Paired Comparisons}},
publisher = {Biometrika textbf39},
}
@book{bres:93,
author = {{Breslow NE, Clayton DG (1993)}},
title = {{enquoteApproximate Inference in Generalized Linear Mixed Models}},
publisher = {Journal of the American Statistical Association,textbf88(421)},
}
@book{davi:70,
author = {{Davidson RR (1970)}},
title = {{enquoteOn Extending the Bradley-Terry Model to Accommodate Ties in Paired Comparison Experiments}},
publisher = {Journal of the American Statistical Association textbf65},
}
@book{ditt:01,
author = {{Dittrich R, Hatzinger R, Katzenbeisser W (2001)}},
title = {{enquoteCorrigendum: Modelling the Effect of Subject-Specific Covariates in Paired Comparison Studies with an Application to University Rankings}},
publisher = {Applied Statistics textbf50},
}
@book{firt:93,
author = {{Firth D (1993)}},
title = {{enquoteBias Reduction of Maximum Likelihood Estimates}},
publisher = {Biometrika textbf80},
}
@book{firt:05,
author = {{Firth D (2005)}},
title = {{enquoteBradley-Terry Models in proglangR}},
publisher = {Journal of Statistical Software textbf12(1)  prefix},
pages = {1--12},
url = {http://www.jstatsoft.org/v12/i01/}
}
@book{firt:10,
author = {{Firth D (2010)}},
title = {{pkgqvcalc: Quasi-Variances for Factor Effects in Statistical Models}},
publisher = {proglangR~package version~0.8-7,prefix},
url = {http://CRAN.R-project.org/package=qvcalc}
}
@book{firt:04,
author = {{Firth D, {de Menezes} RX (2004)}},
title = {{enquoteQuasi-Variances}},
publisher = {Biometrika textbf91},
}
@book{hatz:12,
author = {{Hatzinger R, Dittrich R (2012)}},
title = {{enquotepkgprefmod: An proglangR Package for Modeling Preferences Based on Paired Comparisons, Rankings, or Ratings}},
publisher = {Journal of Statistical Software textbf48(10)  prefix},
pages = {1--31},
url = {http://www.jstatsoft.org/v48/i10/}
}
@book{hein:sche:02,
author = {{Heinze G, Schemper M (2002)}},
title = {{enquoteA Solution to the Problem of Separation in Logistic Regression}},
publisher = {Statistics in Medicine textbf21},
}
@book{ihak:gent:96,
author = {{Ihaka R, Gentleman R (1996)}},
title = {{enquoteproglangR: A Language for Data Analysis and Graphics}},
publisher = {Journal of Computational and Graphical Statistics,textbf5(3)},
}
@book{kosm:07,
author = {{Kosmidis I (2007)}},
title = {{pkgbrglm: Bias Reduction in Binary-Response GLMs}},
publisher = {proglangR~package version~0.5-6,prefix~ucakiko/software.html},
url = {http://www.ucl.ac.uk/}
}
@book{rao:kupp:67,
author = {{Rao PV, Kupper LL (1967)}},
title = {{enquoteTies in Paired-Comparison Experiments: A Generalization of the Bradley-Terry Model}},
publisher = {Journal of the American Statistical Association textbf62},
}
@book{R,
author = {{\proglang{R} {Development Core Team} (2012)}},
title = {{proglangR: A Language and Environment for Statistical Computing}},
publisher = {proglangR Foundation for Statistical Computing Vienna Austria   prefix},
url = {http://www.R-project.org/},
isbn = {3-900051-07-0}
}
@book{sham:curt:95,
author = {{Sham PC, Curtis D (1995)}},
title = {{enquoteAn Extended Transmission/Disequilibrium Test (TDT) for Multi-Allele Marker Loci}},
publisher = {Annals of Human Genetics textbf59(3)},
}
@book{stig:94,
author = {{Stigler S (1994)}},
title = {{enquoteCitation Patterns in the Journals of Statistics and Probability}},
publisher = {Statistical Science textbf9},
}
@book{turn:12,
author = {{Turner H, Firth D (2012)}},
title = {{enquoteBradley-Terry Models in proglangR: The pkgBradleyTerry2 Package}},
publisher = {Journal of Statistical Software textbf48(9)  prefix},
pages = {1--21},
url = {http://www.jstatsoft.org/v48/i09/}
}
@book{whit:06,
author = {{Whiting MJ, Stuart-Fox DM, O'Connor D, Firth D, Bennett NC, Blomberg SP ({2006})}},
title = {{enquoteUltraviolet Signals Ultra-Aggression in a Lizard}},
publisher = {Animal Behaviour textbf72},
}

